% This file was created with JabRef 2.7b.
% Encoding: UTF-8

@book{kotler14,
  title={Marketing Management},
  author={Kotler, P. and Keller, K.L.},
  isbn={9780132102926},
  lccn={2010046655},
  series={Marketing Management},
  year={2011},
  publisher={Prentice Hall},
  language={ukrainian}
}

@book{stern,
  title={Marketing channels},
  author={Stern, L.W. and Ansary, A.I. and Coughlan, A.T.},
  isbn={9780132058650},
  lccn={95036321},
  series={Prentice-Hall series in marketing},
  year={1996},
  publisher={Prentice Hall},
  language={ukrainian}
}
@Book{baker,
 author = {Baker, Michael},
 title = {The Strategic Marketing Plan Audit : a detailed top management review of every aspect of your campany's marketing strategy},
 publisher = {Campridge Strategy Publ},
 year = {2010},
 address = {Axminster, Devon},
 isbn = {1902433998},
  language={ukrainian}
 }
@Book{bg1,
	author = {Greenlaw and Paul S. and Herron and Lowell W. and Rawdon and Richard H.},
	title = {Business Simulation in Industrial and University Education},
	publisher = {Prentice-Hall, Inc.},
	address = {New Jersey},
	year = {1962},
  language={ukrainian}
}
@book{bg2,
  title={Simulation and Games for Strategy and Policy Making},
  author={Saunders, D. and Severn, J.},
  isbn={9780749429560},
  series={International Simulation \& Gaming Research Yearbook},
  year={1999},
  publisher={Kogan Page},
  language={ukrainian}
}
@book{bg3,
  title={Guide to business gaming and experiential learning},
  author={Gentry, J.W. and Association for Business Simulation and Experiential Learning},
  isbn={9780749400927},
  year={1990},
  publisher={Nichols/GP Pub.},
  pages={23--35},
  language={ukrainian}

}
@BOOK{Sommerville_2010,
  title = {Software Engineering},
  publisher = {Addison-Wesley},
  year = {2010},
  author = {Sommerville, Ian},
  address = {Harlow, England},
  edition = {9.},
  abstract = {The book presents a broad perspective on software systems engineering,
	concentrating on widely used techniques for developing large-scale
	systems. Building on the widely acclaimed strengths of the 8th edition,
	the 9th edition updates readers with the latest developments in the
	field while remaining the most current Software Engineering text
	in the market with quality trusted coverage and practical case studies.
	This text is structured into 6 parts: Introduction; Requirements
	Engineering; Design; Software Development; Verification and Validation;
	Management. An up-to-date reference for software engineers.},
  biburl = {http://www.bibsonomy.org/bibtex/2094b37a4bb8b242d7694cdc9142e0d80/flint63},
  file = {Amazon Search inside:http\://www.amazon.de/gp/reader/0137035152/:URL;Google Books:http\://books.google.de/books?isbn=978-0-13-703515-1:URL},
  isbn = {978-0-13-703515-1},
  keywords = {software v1010 book engineering},
  language={ukrainian}
}

@Book{KuzmenkoSafety,
	compiler = {Кузьменко, О. О.},
	title = {Методичні вказівки до виконання розділу <<Охорона праці та навколишнього середовища>> у випускних роботах бакалаврів для студентів інженерно-фізичного факультету очної та заочної форм навчання},
	publisher = {НТУ "ХПІ"},
	address = {Харків},
	year = {2011},
	numpages = {40},
	language = {ukrainian}
}

@book{model,
  title={Моделирование систем: Учеб. для вузов},
  author={Советов Б. Я., Яковлев С.А.},
  isbn={5060038602},
  year={2001},
  publisher={ГУП «Издательство «Высшая школа»},

  language={russian},
  address = {Москва},
  edition={3}

}
@book{aristov,
  title={Имитационное моделирование экономических систем: Учеб. пособие},
  author={Аристов С.А.},
  year={2004},
  publisher={Изд-во Урал. гос. экон. ун-та},

  language={russian},
  address = {Екатеринбург}
}

@book{burkov,
  title={Применение игрового имитационного моделирования для оценки эффективности экономических механизмов},
  author={Бурков В.Н. and Джавахадзе Г.С. and Динова Н.И. and Щепкин Д.А.},
  year={2003},
  publisher={ИПУ РАН},

  language={russian},
  address = {Москва}
}

@book{ber1,
  title={Закон України «Про охорону праці», нова редакція, м. Київ, від 21.11.2002 року, №229-IV}
}
@book{ber2,
  title={Закон України “Про охорону навколишнього природного середовища” },
  year={1991},
  page={59}
}
@book{ber3,
  title={НПАОП 0.00-1.28-10 Правила охорони праці під час експлуатації
електронно-обчислювальних машин/ Зареєстровано в Міністерстві   юстиції України 19 квітня 2010 р. за N 293/17588}
} 
@book{ber4,
  title={ПУЕ-2011. Правила улаштування електроустановок}
} 
@book{ber6,
  title={ГОСТ 12.1.005 – 88*. ССБТ. Общие санитарно-гигиенические требования к воздуху рабочей зоны},
  date={01.01.1989}
} 
@book{ber7,
  title={СНиП 2.04.05 – 92. Нормы проектирования. Отопление, вентиляция и кондиционирование},
  publisher={Стройиздат},
  city={Москва},
  year={1988},
  page={64}
} 
@book{ber8,
  title={СНиП 2.04.05 – 92. Нормы проектирования. Отопление, вентиляция и кондиционирование},
  publisher={Стройиздат},
  city={Москва},
  year={1988},
  page={64}
} 
@book{ber9,
  title={ДБН.В.2.5 – 28-2006. Природне і штучне освітленн},
  publisher={Мінбуд України},
  city={Київ},
  year={2008},
  page={74}
}  
@book{ber10,
  title={ГОСТ 12.1.030-83*. Электробезопасность. Общие требования и номенклатура видов защиты}
}
@book{ber11,
  title={НАПБ Б.03.002-2007 Норми визначення категорій приміщень, будинків та зовнішніх установок за вибухопожежною та пожежною небезпекою}
}    

@book{ber12,
  title={ДБН В.1.1-7-02. Захист від пожежі. Пожежна безпека об’єктів будівництва},
  city={Київ},
  year={2002},
  page={41}
}    
@book{ber13,
  title={ГОСТ 12.1.004-91. Пожарная безопасность. Общие требования.},
}
@book{ber14,
  title={ТСО'95. Стандарт ТСО'92 с экологическими и эргономическими дополнениями}
}    
@book{ber15,
  title={BS 7750. Стандарт в области систем экологического менеджмента.}
}
@book{ber16,
  title={ISO 9001}
}    
@comment{jabref-meta: selector_publisher:}

@comment{jabref-meta: selector_author:}

@comment{jabref-meta: selector_journal:}

@comment{jabref-meta: selector_keywords:}

